@book{Becker1984,
Author = {Becker, R. A. and Chambers, J. M.},
ISBN = {0-534-03313-x},
Publisher = {Wadsworth},
Title = {S: an interactive environment for data analysis and graphics},
Year = {1984},
address = {Belmont, CA}
}

@book{Becker1988,
Author = {Becker, R. A. and Chambers, J. M. and Wilks, A. R.},
ISBN = {0-534-09192-X},
Publisher = {Wadsworth \& Brooks/Cole},
Title = {The New S Language : a programming environment for data analysis and graphics},
Year = {1988},
address = {Pacific Grove, CA}
}

@incollection{Brewer1994,
title = {Color Use Guidelines for Mapping and Visualization},
editor = {Alan M. MacEachren and D. R. Fraser Taylor},
series = {Modern Cartography Series},
volume = {2},
pages = {123-147},
year = {1994},
booktitle = {Visualization in Modern Cartography},
doi = {10.1016/B978-0-08-042415-6.50014-4},
author = {Brewer, Cynthia A.}
}

@online{Bro,
  author = {{Bro}},
  title = {Dude, trust me.}
}

@article{Carr1994,
Author = {Carr, Dan},
Journal = {ASA Statistical Computing and Graphics Newsletter},
Pages = {11-14},
Title = {Using Gray in Plots},
Volume = {2},
Number = {5},
Year = {1994},
}

@incollection{Carr2002,
title = {Graphical Displays},
editor = {Abdel H. El-Shaarawi and Walter W. Piegorsch},
publisher = {John Wiley \& Sons},
volume = {2},
pages = {933–960},
year = {2002},
booktitle = {Encyclopedia of Environmetrics},
author = {Carr, Dan}
}

@article{Carr1999,
Author = {Carr, Dan and Sun, Ru},
Journal = {ASA Statistical Computing and Graphics Newsletter},
Pages = {25-31},
Title = {Using Layering and Perceptual Grouping in Statistical Graphics},
Volume = {10},
Number = {1},
Year = {1999},
}

@book{Clagett1989,
Author = {Clagett, Marshall},
ISBN = {0871691841},
Publisher = {American Philosophical Society},
Series = {Memoirs of the American Philosophical Society: v. 184 etc},
Title = {Ancient {E}gyptian science : a source book.},
Year = {1989},
}

@article{Cleveland1993,
Author = {Cleveland, William S.},
Journal = {Journal of Computational and Graphical Statistics},
Pages = {323-343},
Title = {A Model for Studying Display Methods of Statistical Graphics},
Volume = {2},
Number = {4},
doi = {10.2307/1390686},
Year = {1993},
}

@book{Dore1862,
Author = {Doré, Gustave},
Note = {Painting},
Title = {Little Red Riding Hood},
Year = {1862},
url = {https://www.ngv.vic.gov.au/explore/collection/work/3918/},
Publisher = {National Gallery of Victoria, Melbourne}
}

@online{GNUphil,
  author = {{Free Software Foundation}},
  title = {What is Free Software?},
  year = {2024},
  url = {https://www.gnu.org/philosophy/free-sw.html},
  urldate = {2024-08-26}
}

@article{Labovitz1967,
author= {Labovitz, Sanford},
title={Some Observations on Measurement and Statistics},
journal={Social Forces},
volume={46},
number={2},
pages={151-160},
year={1967},
doi = {10.2307/2574595}
}


@Manual{SourceCodePro,
    title = {Source Code Pro},
    author = {Hunt, Paul},
    note = {version 2.042R-u\_1.062R-i},
    year = {2024},
    url = {https://github.com/adobe-fonts/source-code-pro},
  }

@article{Mall1909,
Author = {Mall, F.P.},
Journal = {American Journal of Anatomy},
Number = {1},
Pages = {1 - 32},
Title = {On several anatomical characters of the human brain, said to vary according to race and sex, with especial reference to the weight of the frontal lobe},
Volume = {9},
doi = {10.1002/aja.1000090102},
Year = {1909},
}

@online{Madison2007,
  title = {{M \& M}’s Color Distribution Analysis},
  author = {Madison, Josh},
  year = {2007},
  url = {https://joshmadison.com/2007/12/02/mms-color-distribution-analysis/},
  urldate = {2024-07-24}
}


@book{Manly1984,
Author = {Manly, Brian F.J.},
Title = {Multivariate statistical methods: A primer},
Year = {1984},
Publisher = {Chapman {and} Hall}
}


@online{Muenchen,
  author = {Muenchen, B.},
  title = {R-bloggers: The Tidyverse Curse},
  year = {2017},
  url = {https://www.r-bloggers.com/2017/03/the-tidyverse-curse/},
  urldate = {2024-07-18}
}

@book{Pennant1784,
Author = {Pennant, Thomas},
Title = {A Tour in Wales},
Volume = {4},
Year = {1784},
url = {http://hdl.handle.net/10107/4691510}
}

@online{Pierce2022,
  author = {Pierce, R.},
  title = {Math Is Fun: What is a Function},
  year = {2022},
  url = {http://www.mathsisfun.com/sets/function.html},
  urldate = {2022-07-09}
}


@online{Rlicense,
  author = {{Free Software Foundation}},
  title = {GNU General Public License: Version 2},
  year = {1991},
  url = {https://www.r-project.org/COPYING},
  urldate = {2022-06-27}
}


@article{Savage2007,
Author = {Savage, V. M. and West, G. B.},
Journal = {Proceedings of the National Academy of Sciences of the United States of America},
Number = {3},
Pages = {1051 - 1056},
Title = {A Quantitative, Theoretical Framework for Understanding Mammalian Sleep},
Volume = {104},
doi = {10.1073/pnas.0610080104},
Year = {2007},
}

@article{
Stevens1946,
author = {Stevens, S. S.},
title = {On the Theory of Scales of Measurement},
journal = {Science},
volume = {103},
number = {2684},
pages = {677-680},
year = {1946},
doi = {10.1126/science.103.2684.677}}

@online{Tidyverse,
  title = {Tidyverse},
  year = {2024},
  url = {https://www.tidyverse.org/},
  urldate = {2024-07-10}
}

@book{Thomson1905,
Author = {Thomson, Arthur and Randall-MacIver, David},
Title = {Ancient races of the {T}hebaid: Being an Anthropometrical Study of the Inhabitants of Upper Egypt From the Earliest Prehistoric Times to the Mohammedan Conquest Based Upon the Examination of Over 1,500 Crania},
Year = {1905},
Publisher = {Clarendon Press}
}

@book{Tufte2006,
Author = {Tufte, Edward R.},
ISBN = {0961392177},
Publisher = {Graphics Press},
Title = {Beautiful evidence.},
Year = {2006},
}

@article{Turing1950,
    author = {Turing, A. M.},
    title = {Computing machinery and intelligence},
    journal = {Mind},
    volume = {LIX},
    number = {236},
    pages = {433-460},
    year = {1950},
    month = {10},
    doi = {10.1093/mind/LIX.236.433},
}


@misc{UNESCO_open_sci,
  title        = "{UNESCO} Recommendation on Open Science",
  author       = "{UNESCO}",
  doi          = {10.54677/MNMH8546},
  year         = 2021
}

@Book{Wickham2016,
    author = {Wickham, H.},
    title = {{ggplot2}: Elegant Graphics for Data Analysis},
    publisher = {Springer-Verlag New York},
    year = {2016},
    isbn = {978-3-319-24277-4},
    url = {https://ggplot2.tidyverse.org},
  }

@online{Wickham_ggplot2,
  title = {{ggplot2}: Elegant Graphics for Data Analysis (3e)},
  author = {Wickham, H. and Navarro, D. and Pedersen, T. L.},
  year = {2024},
  url = {https://ggplot2-book.org/},
  urldate = {2024-07-18}
}

@Article{Wickham2019,
    title = {Welcome to the {tidyverse}},
    author = {Hadley Wickham and Mara Averick and Jennifer Bryan and Winston Chang and Lucy D'Agostino McGowan and Romain François and Garrett Grolemund and Alex Hayes and Lionel Henry and Jim Hester and Max Kuhn and Thomas Lin Pedersen and Evan Miller and Stephan Milton Bache and Kirill Müller and Jeroen Ooms and David Robinson and Dana Paige Seidel and Vitalie Spinu and Kohske Takahashi and Davis Vaughan and Claus Wilke and Kara Woo and Hiroaki Yutani},
    year = {2019},
    journal = {Journal of Open Source Software},
    volume = {4},
    number = {43},
    pages = {1686},
    doi = {10.21105/joss.01686},
  }


@Book{Wickham2023,
    author = {Wickham, H. and Çetinkaya-Rundel, M. and Grolemund, G.},
    title = {R for Data Science: Import, Tidy, Transform, Visualize, and Model Data},
    edition = {Second},
    publisher = {O'Reilly Media},
    year = {2023},
    isbn = {978-1492097402},
    url = {https://r4ds.hadley.nz/},
  }

@book{Wilkinson2005,
Author = {Wilkinson, L.},
Publisher = {Springer Science},
Series = {Statistics and computing},
Title = {The grammar of graphics},
Year = {2005},
}

@online{Zeileis2019,
  title = {{HCL}-Based Color Palettes in {grDevices}},
  author = {Zeileis, Achim and Murrell, Paul},
  year = {2019},
  url = {https://developer.r-project.org/Blog/public/2019/04/01/hcl-based-color-palettes-in-grdevices/},
  urldate = {2024-07-21}
}